@INBOOK{Bally2008,
   author = {{Bally}, J.},
    title = "{Overview of the Orion Complex}",
booktitle = {Handbook of Star Forming Regions, Volume I},
     year = 2008,
    month = dec,
   editor = {{Reipurth}, B.},
    pages = {459},
   adsurl = {http://adsabs.harvard.edu/abs/2008hsf1.book..459B},
  adsnote = {Provided by the SAO/NASA Astrophysics Data System}
}

@ARTICLE{Rieke1985,
   author = {{Rieke}, G.~H. and {Lebofsky}, M.~J.},
    title = "{The interstellar extinction law from 1 to 13 microns}",
  journal = {\apj},
 keywords = {Galactic Nuclei, Infrared Astronomy, Interstellar Extinction, Interstellar Matter, Molecular Clouds},
     year = 1985,
    month = jan,
   volume = 288,
    pages = {618-621},
      doi = {10.1086/162827},
   adsurl = {http://adsabs.harvard.edu/abs/1985ApJ...288..618R},
  adsnote = {Provided by the SAO/NASA Astrophysics Data System}
}



@ARTICLE{Aumer2009,
   author = {{Aumer}, M. and {Binney}, J.~J.},
    title = "{Kinematics and history of the solar neighbourhood revisited}",
  journal = {\mnras},
archivePrefix = "arXiv",
   eprint = {0905.2512},
 keywords = {stars: kinematics , Galaxy: kinematics and dynamics , solar neighbourhood},
     year = 2009,
    month = aug,
   volume = 397,
    pages = {1286-1301},
      doi = {10.1111/j.1365-2966.2009.15053.x},
   adsurl = {http://adsabs.harvard.edu/abs/2009MNRAS.397.1286A},
  adsnote = {Provided by the SAO/NASA Astrophysics Data System}
}




@ARTICLE{Alves2012,
   author = {{Alves}, J. and {Bouy}, H.},
    title = "{Orion revisited. I. The massive cluster in front of the Orion nebula cluster}",
  journal = {\aap},
archivePrefix = "arXiv",
   eprint = {1209.3787},
 keywords = {stars: formation, HII regions, stars: pre-main sequence, stars: early-type, stars: late-type, dust, extinction},
     year = 2012,
    month = nov,
   volume = 547,
      eid = {A97},
    pages = {A97},
      doi = {10.1051/0004-6361/201220119},
   adsurl = {http://adsabs.harvard.edu/abs/2012A%26A...547A..97A},
  adsnote = {Provided by the SAO/NASA Astrophysics Data System}
}

@ARTICLE{Bouy2014,
   author = {{Bouy}, H. and {Alves}, J. and {Bertin}, E. and {Sarro}, L.~M. and 
	{Barrado}, D.},
    title = "{Orion revisited. II. The foreground population to Orion A}",
  journal = {\aap},
archivePrefix = "arXiv",
   eprint = {1402.1034},
 primaryClass = "astro-ph.SR",
 keywords = {stars: formation, stars: massive, stars: pre-main sequence, ISM: clouds, ISM: individual objects: Orion A},
     year = 2014,
    month = apr,
   volume = 564,
      eid = {A29},
    pages = {A29},
      doi = {10.1051/0004-6361/201323191},
   adsurl = {http://adsabs.harvard.edu/abs/2014A%26A...564A..29B},
  adsnote = {Provided by the SAO/NASA Astrophysics Data System}
}

@ARTICLE{Bouy2015,
   author = {{Bouy}, H. and {Alves}, J.},
    title = "{Cosmography of OB stars in the solar neighbourhood}",
  journal = {\aap},
 keywords = {stars: massive, solar neighborhood, open clusters and associations: general},
     year = 2015,
    month = dec,
   volume = 584,
      eid = {A26},
    pages = {A26},
      doi = {10.1051/0004-6361/201527058},
   adsurl = {http://adsabs.harvard.edu/abs/2015A%26A...584A..26B},
  adsnote = {Provided by the SAO/NASA Astrophysics Data System}
}

@ARTICLE{Blaauw1964,
   author = {{Blaauw}, A.},
    title = "{The O Associations in the Solar Neighborhood}",
  journal = {\araa},
     year = 1964,
   volume = 2,
    pages = {213},
      doi = {10.1146/annurev.aa.02.090164.001241},
   adsurl = {http://adsabs.harvard.edu/abs/1964ARA%26A...2..213B},
  adsnote = {Provided by the SAO/NASA Astrophysics Data System}
}


@ARTICLE{Lindegren2016,
   author = {{Lindegren}, L. and {Lammers}, U. and {Bastian}, U. and {Hern{\'a}ndez}, J. and 
	{Klioner}, S. and {Hobbs}, D. and {Bombrun}, A. and {Michalik}, D. and 
	{Ramos-Lerate}, M. and {Butkevich}, A. and {Comoretto}, G. and 
	{Joliet}, E. and {Holl}, B. and {Hutton}, A. and {Parsons}, P. and 
	{Steidelm{\"u}ller}, H. and {Abbas}, U. and {Altmann}, M. and 
	{Andrei}, A. and {Anton}, S. and {Bach}, N. and {Barache}, C. and 
	{Becciani}, U. and {Berthier}, J. and {Bianchi}, L. and {Biermann}, M. and 
	{Bouquillon}, S. and {Bourda}, G. and {Br{\"u}semeister}, T. and 
	{Bucciarelli}, B. and {Busonero}, D. and {Carlucci}, T. and 
	{Casta{\~n}eda}, J. and {Charlot}, P. and {Clotet}, M. and {Crosta}, M. and 
	{Davidson}, M. and {de Felice}, F. and {Drimmel}, R. and {Fabricius}, C. and 
	{Fienga}, A. and {Figueras}, F. and {Fraile}, E. and {Gai}, M. and 
	{Garralda}, N. and {Geyer}, R. and {Gonz{\'a}lez-Vidal}, J.~J. and 
	{Guerra}, R. and {Hambly}, N.~C. and {Hauser}, M. and {Jordan}, S. and 
	{Lattanzi}, M.~G. and {Lenhardt}, H. and {Liao}, S. and {L{\"o}ffler}, W. and 
	{McMillan}, P.~J. and {Mignard}, F. and {Mora}, A. and {Morbidelli}, R. and 
	{Portell}, J. and {Riva}, A. and {Sarasso}, M. and {Serraller}, I. and 
	{Siddiqui}, H. and {Smart}, R. and {Spagna}, A. and {Stampa}, U. and 
	{Steele}, I. and {Taris}, F. and {Torra}, J. and {van Reeven}, W. and 
	{Vecchiato}, A. and {Zschocke}, S. and {de Bruijne}, J. and 
	{Gracia}, G. and {Raison}, F. and {Lister}, T. and {Marchant}, J. and 
	{Messineo}, R. and {Soffel}, M. and {Osorio}, J. and {de Torres}, A. and 
	{O'Mullane}, W.},
    title = "{Gaia Data Release 1. Astrometry: one billion positions, two million proper motions and parallaxes}",
  journal = {\aap},
archivePrefix = "arXiv",
   eprint = {1609.04303},
 keywords = {astrometry, parallaxes, proper motions, methods: data analysis, space vehicles: instruments, reference systems},
     year = 2016,
    month = nov,
   volume = 595,
      eid = {A4},
    pages = {A4},
      doi = {10.1051/0004-6361/201628714},
   adsurl = {http://adsabs.harvard.edu/abs/2016A%26A...595A...4L},
  adsnote = {Provided by the SAO/NASA Astrophysics Data System}
}





@ARTICLE{Michalik2015,
   author = {{Michalik}, D. and {Lindegren}, L. and {Hobbs}, D.},
    title = "{The Tycho-Gaia astrometric solution . How to get 2.5 million parallaxes with less than one year of Gaia data}",
  journal = {\aap},
archivePrefix = "arXiv",
   eprint = {1412.8770},
 primaryClass = "astro-ph.IM",
 keywords = {astrometry, methods: data analysis, methods: numerical, space vehicles: instruments, parallaxes, proper motions},
     year = 2015,
    month = feb,
   volume = 574,
      eid = {A115},
    pages = {A115},
      doi = {10.1051/0004-6361/201425310},
   adsurl = {http://adsabs.harvard.edu/abs/2015A%26A...574A.115M},
  adsnote = {Provided by the SAO/NASA Astrophysics Data System}
}

@ARTICLE{Michalik2014,
   author = {{Michalik}, D. and {Lindegren}, L. and {Hobbs}, D. and {Lammers}, U.
	},
    title = "{Joint astrometric solution of HIPPARCOS and Gaia. A recipe for the Hundred Thousand Proper Motions project}",
  journal = {\aap},
archivePrefix = "arXiv",
   eprint = {1407.4025},
 primaryClass = "astro-ph.IM",
 keywords = {astrometry, methods: data analysis, methods: numerical, space vehicles: instruments, proper motions, planets and satellites: detection},
     year = 2014,
    month = nov,
   volume = 571,
      eid = {A85},
    pages = {A85},
      doi = {10.1051/0004-6361/201424606},
   adsurl = {http://adsabs.harvard.edu/abs/2014A%26A...571A..85M},
  adsnote = {Provided by the SAO/NASA Astrophysics Data System}
}

@ARTICLE{Hog2000,
   author = {{H{\o}g}, E. and {Fabricius}, C. and {Makarov}, V.~V. and {Bastian}, U. and 
	{Schwekendiek}, P. and {Wicenec}, A. and {Urban}, S. and {Corbin}, T. and 
	{Wycoff}, G.},
    title = "{Construction and verification of the Tycho-2 Catalogue}",
  journal = {\aap},
 keywords = {ASTROMETRY, TECHNIQUES: PHOTOMETRIC, CATALOGS, METHODS: DATA ANALYSIS},
     year = 2000,
    month = may,
   volume = 357,
    pages = {367-386},
   adsurl = {http://adsabs.harvard.edu/abs/2000A%26A...357..367H},
  adsnote = {Provided by the SAO/NASA Astrophysics Data System}
}

@ARTICLE{Hog2000a,
   author = {{H{\o}g}, E. and {Fabricius}, C. and {Makarov}, V.~V. and {Urban}, S. and 
	{Corbin}, T. and {Wycoff}, G. and {Bastian}, U. and {Schwekendiek}, P. and 
	{Wicenec}, A.},
    title = "{The Tycho-2 catalogue of the 2.5 million brightest stars}",
  journal = {\aap},
 keywords = {ASTROMETRY, STARS: FUNDAMENTAL PARAMETERS, CATALOGS},
     year = 2000,
    month = mar,
   volume = 355,
    pages = {L27-L30},
   adsurl = {http://adsabs.harvard.edu/abs/2000A%26A...355L..27H},
  adsnote = {Provided by the SAO/NASA Astrophysics Data System}
}

@INPROCEEDINGS{Perryman1997,
   author = {{Perryman}, M.~A.~C.},
    title = "{The HIPPARCOS Catalogue Contents}",
booktitle = {Hipparcos - Venice '97},
     year = 1997,
   series = {ESA Special Publication},
   volume = 402,
   editor = {{Bonnet}, R.~M. and {H{\o}g}, E. and {Bernacca}, P.~L. and {Emiliani}, L. and 
	{Blaauw}, A. and {Turon}, C. and {Kovalevsky}, J. and {Lindegren}, L. and 
	{Hassan}, H. and {Bouffard}, M. and {Strim}, B. and {Heger}, D. and 
	{Perryman}, M.~A.~C. and {Woltjer}, L.},
    month = aug,
    pages = {1-4},
   adsurl = {http://adsabs.harvard.edu/abs/1997ESASP.402....1P},
  adsnote = {Provided by the SAO/NASA Astrophysics Data System}
}

@ARTICLE{deZeeuw1999,
   author = {{de Zeeuw}, P.~T. and {Hoogerwerf}, R. and {de Bruijne}, J.~H.~J. and 
	{Brown}, A.~G.~A. and {Blaauw}, A.},
    title = "{A HIPPARCOS Census of the Nearby OB Associations}",
  journal = {\aj},
   eprint = {astro-ph/9809227},
 keywords = {STARS: EARLY-TYPE, STARS: FORMATION, STARS: KINEMATICS, STARS: STATISTICS, STARS: PRE-MAIN-SEQUENCE, GALAXY: OPEN CLUSTERS AND ASSOCIATIONS: GENERAL, GALAXY: OPEN CLUSTERS AND ASSOCIATIONS: INDIVIDUAL: NAME: GOULD BELT},
     year = 1999,
    month = jan,
   volume = 117,
    pages = {354-399},
      doi = {10.1086/300682},
   adsurl = {http://adsabs.harvard.edu/abs/1999AJ....117..354D},
  adsnote = {Provided by the SAO/NASA Astrophysics Data System}
}

@ARTICLE{Ochsendorf2015,
   author = {{Ochsendorf}, B.~B. and {Brown}, A.~G.~A. and {Bally}, J. and 
	{Tielens}, A.~G.~G.~M.},
    title = "{Nested Shells Reveal the Rejuvenation of the Orion-Eridanus Superbubble}",
  journal = {\apj},
archivePrefix = "arXiv",
   eprint = {1506.02426},
 keywords = {H ii regions, ISM: bubbles, ISM: clouds, ISM: kinematics and dynamics, stars: formation},
     year = 2015,
    month = aug,
   volume = 808,
      eid = {111},
    pages = {111},
      doi = {10.1088/0004-637X/808/2/111},
   adsurl = {http://adsabs.harvard.edu/abs/2015ApJ...808..111O},
  adsnote = {Provided by the SAO/NASA Astrophysics Data System}
}


@ARTICLE{Brown1994,
   author = {{Brown}, A.~G.~A. and {de Geus}, E.~J. and {de Zeeuw}, P.~T.
	},
    title = "{The Orion OB1 association. 1: Stellar content}",
  journal = {\aap},
   eprint = {astro-ph/9403051},
 keywords = {Interstellar Extinction, Interstellar Matter, Open Clusters, Stellar Luminosity, Stellar Mass, Stellar Temperature, Stellar Winds, Hertzsprung-Russell Diagram, Image Analysis, Spectrum Analysis, Star Distribution, Stellar Models, Stellar Spectrophotometry},
     year = 1994,
    month = sep,
   volume = 289,
    pages = {101-120},
   adsurl = {http://adsabs.harvard.edu/abs/1994A%26A...289..101B},
  adsnote = {Provided by the SAO/NASA Astrophysics Data System}
}

@INBOOK{Briceno2008,
   author = {{Briceno}, C.},
    title = "{The Dispersed Young Population in Orion}",
booktitle = {Handbook of Star Forming Regions, Volume I},
     year = 2008,
    month = dec,
   editor = {{Reipurth}, B.},
    pages = {838},
   adsurl = {http://adsabs.harvard.edu/abs/2008hsf1.book..838B},
  adsnote = {Provided by the SAO/NASA Astrophysics Data System}
}

@INBOOK{Muench2008,
   author = {{Muench}, A. and {Getman}, K. and {Hillenbrand}, L. and {Preibisch}, T.
	},
    title = "{Star Formation in the Orion Nebula I: Stellar Content}",
booktitle = {Handbook of Star Forming Regions, Volume I},
     year = 2008,
    month = dec,
   editor = {{Reipurth}, B.},
    pages = {483},
   adsurl = {http://adsabs.harvard.edu/abs/2008hsf1.book..483M},
  adsnote = {Provided by the SAO/NASA Astrophysics Data System}
}

@ARTICLE{DaRio2014,
   author = {{Da Rio}, N. and {Tan}, J.~C. and {Jaehnig}, K.},
    title = "{The Structure, Dynamics, and Star Formation Rate of the Orion Nebula Cluster}",
  journal = {\apj},
archivePrefix = "arXiv",
   eprint = {1409.2503},
 keywords = {open clusters and associations: individual: Orion Nebula Cluster, stars: formation, stars: kinematics and dynamics, stars: pre-main sequence},
     year = 2014,
    month = nov,
   volume = 795,
      eid = {55},
    pages = {55},
      doi = {10.1088/0004-637X/795/1/55},
   adsurl = {http://adsabs.harvard.edu/abs/2014ApJ...795...55D},
  adsnote = {Provided by the SAO/NASA Astrophysics Data System}
}

@ARTICLE{Perryman2001,
   author = {{Perryman}, M.~A.~C. and {de Boer}, K.~S. and {Gilmore}, G. and 
	{H{\o}g}, E. and {Lattanzi}, M.~G. and {Lindegren}, L. and {Luri}, X. and 
	{Mignard}, F. and {Pace}, O. and {de Zeeuw}, P.~T.},
    title = "{GAIA: Composition, formation and evolution of the Galaxy}",
  journal = {\aap},
   eprint = {astro-ph/0101235},
 keywords = {INSTRUMENTATION: MISCELLANEOUS, SPACE VEHICLES: INSTRUMENTS, ASTROMETRY, GALAXY: GENERAL, TECHNIQUES: PHOTOMETRIC, TECHNIQUES: RADIAL VELOCITIES},
     year = 2001,
    month = apr,
   volume = 369,
    pages = {339-363},
      doi = {10.1051/0004-6361:20010085},
   adsurl = {http://adsabs.harvard.edu/abs/2001A%26A...369..339P},
  adsnote = {Provided by the SAO/NASA Astrophysics Data System}
}

@ARTICLE{deBruijne2012,
   author = {{de Bruijne}, J.~H.~J.},
    title = "{Science performance of Gaia, ESA's space-astrometry mission}",
  journal = {\apss},
archivePrefix = "arXiv",
   eprint = {1201.3238},
 primaryClass = "astro-ph.IM",
 keywords = {Astrometry, Photometry, Spectroscopy, CCD, Telescope, Data reduction, Calibration},
     year = 2012,
    month = sep,
   volume = 341,
    pages = {31-41},
      doi = {10.1007/s10509-012-1019-4},
   adsurl = {http://adsabs.harvard.edu/abs/2012Ap%26SS.341...31D},
  adsnote = {Provided by the SAO/NASA Astrophysics Data System}
}

@ARTICLE{Lindegren2000,
   author = {{Lindegren}, L. and {Madsen}, S. and {Dravins}, D.},
    title = "{Astrometric radial velocities. II. Maximum-likelihood estimation of radial velocities in moving clusters}",
  journal = {\aap},
 keywords = {METHODS: DATA ANALYSIS, TECHNIQUES: RADIAL VELOCITIES, ASTROMETRY, STARS: DISTANCES, STARS: KINEMATICS, GALAXY: OPEN CLUSTERS AND ASSOCIATIONS: GENERAL},
     year = 2000,
    month = apr,
   volume = 356,
    pages = {1119-1135},
   adsurl = {http://adsabs.harvard.edu/abs/2000A%26A...356.1119L},
  adsnote = {Provided by the SAO/NASA Astrophysics Data System}
}

@INPROCEEDINGS{Dravins1997,
   author = {{Dravins}, D. and {Lindegren}, L. and {Madsen}, S. and {Holmberg}, J.
	},
    title = "{Astrometric Radial Velocities from HIPPARCOS}",
booktitle = {Hipparcos - Venice '97},
     year = 1997,
   series = {ESA Special Publication},
   volume = 402,
   editor = {{Bonnet}, R.~M. and {H{\o}g}, E. and {Bernacca}, P.~L. and {Emiliani}, L. and 
	{Blaauw}, A. and {Turon}, C. and {Kovalevsky}, J. and {Lindegren}, L. and 
	{Hassan}, H. and {Bouffard}, M. and {Strim}, B. and {Heger}, D. and 
	{Perryman}, M.~A.~C. and {Woltjer}, L.},
    month = aug,
    pages = {733-738},
   adsurl = {http://adsabs.harvard.edu/abs/1997ESASP.402..733D},
  adsnote = {Provided by the SAO/NASA Astrophysics Data System}
}



@ARTICLE{Robin2012,
   author = {{Robin}, A.~C. and {Luri}, X. and {Reyl{\'e}}, C. and {Isasi}, Y. and 
	{Grux}, E. and {Blanco-Cuaresma}, S. and {Arenou}, F. and {Babusiaux}, C. and 
	{Belcheva}, M. and {Drimmel}, R. and {Jordi}, C. and {Krone-Martins}, A. and 
	{Masana}, E. and {Mauduit}, J.~C. and {Mignard}, F. and {Mowlavi}, N. and 
	{Rocca-Volmerange}, B. and {Sartoretti}, P. and {Slezak}, E. and 
	{Sozzetti}, A.},
    title = "{Gaia Universe model snapshot. A statistical analysis of the expected contents of the Gaia catalogue}",
  journal = {\aap},
archivePrefix = "arXiv",
   eprint = {1202.0132},
 keywords = {methods: data analysis, Galaxy: stellar content, catalogs, Galaxy: structure, galaxies: statistics, stars: statistics},
     year = 2012,
    month = jul,
   volume = 543,
      eid = {A100},
    pages = {A100},
      doi = {10.1051/0004-6361/201118646},
   adsurl = {http://cdsads.u-strasbg.fr/abs/2012A%26A...543A.100R},
  adsnote = {Provided by the SAO/NASA Astrophysics Data System}
}

@ARTICLE{Wright2016,
   author = {{Wright}, N.~J. and {Bouy}, H. and {Drew}, J.~E. and {Sarro}, L.~M. and 
	{Bertin}, E. and {Cuillandre}, J.-C. and {Barrado}, D.},
    title = "{Cygnus OB2 DANCe: A high precision proper motion study of the Cygnus OB2 association}",
  journal = {ArXiv e-prints},
archivePrefix = "arXiv",
   eprint = {1605.03583},
 primaryClass = "astro-ph.SR",
 keywords = {Astrophysics - Solar and Stellar Astrophysics, Astrophysics - Astrophysics of Galaxies},
     year = 2016,
    month = may,
   adsurl = {http://adsabs.harvard.edu/abs/2016arXiv160503583W},
  adsnote = {Provided by the SAO/NASA Astrophysics Data System}
}

@ARTICLE{Skrutskie2006,
   author = {{Skrutskie}, M.~F. and {Cutri}, R.~M. and {Stiening}, R. and 
	{Weinberg}, M.~D. and {Schneider}, S. and {Carpenter}, J.~M. and 
	{Beichman}, C. and {Capps}, R. and {Chester}, T. and {Elias}, J. and 
	{Huchra}, J. and {Liebert}, J. and {Lonsdale}, C. and {Monet}, D.~G. and 
	{Price}, S. and {Seitzer}, P. and {Jarrett}, T. and {Kirkpatrick}, J.~D. and 
	{Gizis}, J.~E. and {Howard}, E. and {Evans}, T. and {Fowler}, J. and 
	{Fullmer}, L. and {Hurt}, R. and {Light}, R. and {Kopan}, E.~L. and 
	{Marsh}, K.~A. and {McCallon}, H.~L. and {Tam}, R. and {Van Dyk}, S. and 
	{Wheelock}, S.},
    title = "{The Two Micron All Sky Survey (2MASS)}",
  journal = {\aj},
 keywords = {Catalogs, Infrared: General, Surveys},
     year = 2006,
    month = feb,
   volume = 131,
    pages = {1163-1183},
      doi = {10.1086/498708},
   adsurl = {http://adsabs.harvard.edu/abs/2006AJ....131.1163S},
  adsnote = {Provided by the SAO/NASA Astrophysics Data System}
}

@INPROCEEDINGS{Henden2009,
   author = {{Henden}, A.~A. and {Welch}, D.~L. and {Terrell}, D. and {Levine}, S.~E.
	},
    title = "{The AAVSO Photometric All-Sky Survey (APASS)}",
booktitle = {American Astronomical Society Meeting Abstracts \#214},
     year = 2009,
   series = {American Astronomical Society Meeting Abstracts},
   volume = 214,
    month = may,
      eid = {407.02},
    pages = {669},
   adsurl = {http://adsabs.harvard.edu/abs/2009AAS...21440702H},
  adsnote = {Provided by the SAO/NASA Astrophysics Data System}
}

@ARTICLE{Cutri2013,
   author = {{Cutri}, R.~M. and {et al.}},
    title = "{VizieR Online Data Catalog: AllWISE Data Release (Cutri+ 2013)}",
  journal = {VizieR Online Data Catalog},
 keywords = {WISE},
     year = 2013,
    month = nov,
   volume = 2328,
   adsurl = {http://adsabs.harvard.edu/abs/2013yCat.2328....0C},
  adsnote = {Provided by the SAO/NASA Astrophysics Data System}
}



@ARTICLE{Perryman1998,
   author = {{Perryman}, M.~A.~C. and {Brown}, A.~G.~A. and {Lebreton}, Y. and 
	{Gomez}, A. and {Turon}, C. and {Cayrel de Strobel}, G. and 
	{Mermilliod}, J.~C. and {Robichon}, N. and {Kovalevsky}, J. and 
	{Crifo}, F.},
    title = "{The Hyades: distance, structure, dynamics, and age}",
  journal = {\aap},
   eprint = {astro-ph/9707253},
 keywords = {ASTROMETRY, PARALLAXES, HR DIAGRAM, HYADES, DISTANCE SCALE},
     year = 1998,
    month = mar,
   volume = 331,
    pages = {81-120},
   adsurl = {http://adsabs.harvard.edu/abs/1998A%26A...331...81P},
  adsnote = {Provided by the SAO/NASA Astrophysics Data System}
}


@ARTICLE{deBruijne1999,
   author = {{de Bruijne}, J.~H.~J.},
    title = "{A refurbished convergent-point method for finding moving groups in the HIPPARCOS Catalogue}",
  journal = {\mnras},
   eprint = {astro-ph/9903239},
 keywords = {ASTROMETRY, STARS: KINEMATICS, OPEN CLUSTERS AND ASSOCIATIONS: GENERAL, OPEN CLUSTERS AND ASSOCIATIONS: INDIVIDUAL: HYADES},
     year = 1999,
    month = jun,
   volume = 306,
    pages = {381-393},
      doi = {10.1046/j.1365-8711.1999.02643.x},
   adsurl = {http://adsabs.harvard.edu/abs/1999MNRAS.306..381D},
  adsnote = {Provided by the SAO/NASA Astrophysics Data System}
}




@ARTICLE{deBruijne2001,
   author = {{de Bruijne}, J.~H.~J. and {Hoogerwerf}, R. and {de Zeeuw}, P.~T.
	},
    title = "{A Hipparcos study of the Hyades open cluster. Improved colour-absolute magnitude and Hertzsprung-Russell diagrams}",
  journal = {\aap},
   eprint = {astro-ph/0011565},
 keywords = {ASTROMETRY, STARS: DISTANCES, STARS: FUNDAMENTAL PARAMETERS, STARS: HERTZSPRUNG-RUSSELL DIAGRAM, GALAXY OPEN CLUSTERS AND ASSOCIATIONS: INDIVIDUAL: HYADES},
     year = 2001,
    month = feb,
   volume = 367,
    pages = {111-147},
      doi = {10.1051/0004-6361:20000410},
   adsurl = {http://adsabs.harvard.edu/abs/2001A%26A...367..111D},
  adsnote = {Provided by the SAO/NASA Astrophysics Data System}
}


@ARTICLE{deBruijne1999b,
   author = {{de Bruijne}, J.~H.~J.},
    title = "{Structure and colour-magnitude diagrams of Scorpius OB2 based on kinematic modelling of Hipparcos data}",
  journal = {\mnras},
 keywords = {ASTROMETRY, STARS: DISTANCES, STARS: KINEMATICS, OPEN CLUSTERS AND ASSOCIATIONS: GENERAL, OPEN CLUSTERS AND ASSOCIATIONS: INDIVIDUAL: HYADES, OPEN CLUSTERS AND ASSOCIATIONS: INDIVIDUAL: SCORPIUS OB2},
     year = 1999,
    month = dec,
   volume = 310,
    pages = {585-617},
      doi = {10.1046/j.1365-8711.1999.02953.x},
   adsurl = {http://adsabs.harvard.edu/abs/1999MNRAS.310..585D},
  adsnote = {Provided by the SAO/NASA Astrophysics Data System}
}


@INPROCEEDINGS{PZ2012,
   author = {{Portegies Zwart}, S. and {McMillan}, S. and {Pelupessy}, I. and 
	{van Elteren}, A.},
    title = "{Multi-physics Simulations using a Hierarchical Interchangeable Software Interface}",
booktitle = {Advances in Computational Astrophysics: Methods, Tools, and Outcome},
     year = 2012,
   series = {Astronomical Society of the Pacific Conference Series},
   volume = 453,
archivePrefix = "arXiv",
   eprint = {1110.2785},
 primaryClass = "astro-ph.GA",
   editor = {{Capuzzo-Dolcetta}, R. and {Limongi}, M. and {Tornamb{\`e}}, A.
	},
    month = jul,
    pages = {317},
   adsurl = {http://adsabs.harvard.edu/abs/2012ASPC..453..317P},
  adsnote = {Provided by the SAO/NASA Astrophysics Data System}
}

@ARTICLE{PZ2009,
   author = {{Portegies Zwart}, S. and {McMillan}, S. and {Harfst}, S. and 
	{Groen}, D. and {Fujii}, M. and {Nuall{\'a}in}, B.~{\'O}. and 
	{Glebbeek}, E. and {Heggie}, D. and {Lombardi}, J. and {Hut}, P. and 
	{Angelou}, V. and {Banerjee}, S. and {Belkus}, H. and {Fragos}, T. and 
	{Fregeau}, J. and {Gaburov}, E. and {Izzard}, R. and {Juri{\'c}}, M. and 
	{Justham}, S. and {Sottoriva}, A. and {Teuben}, P. and {van Bever}, J. and 
	{Yaron}, O. and {Zemp}, M.},
    title = "{A multiphysics and multiscale software environment for modeling astrophysical systems}",
  journal = {\na},
archivePrefix = "arXiv",
   eprint = {0807.1996},
 keywords = {Gravitation, Stellar dynamics, Stellar evolution, Gas dynamics, Radiative transport, Methods: simulation, Methods: numerical},
     year = 2009,
    month = may,
   volume = 14,
    pages = {369-378},
      doi = {10.1016/j.newast.2008.10.006},
   adsurl = {http://adsabs.harvard.edu/abs/2009NewA...14..369P},
  adsnote = {Provided by the SAO/NASA Astrophysics Data System}
}




@ARTICLE{Mayne2007,
   author = {{Mayne}, N.~J. and {Naylor}, T. and {Littlefair}, S.~P. and 
	{Saunders}, E.~S. and {Jeffries}, R.~D.},
    title = "{Empirical isochrones and relative ages for young stars, and the radiative-convective gap}",
  journal = {\mnras},
   eprint = {astro-ph/0612090},
 keywords = {techniques: photometric, catalogues, stars: evolution, stars: formation, Hertzsprung-Russell (HR) diagram, stars: pre-main-sequence},
     year = 2007,
    month = mar,
   volume = 375,
    pages = {1220-1240},
      doi = {10.1111/j.1365-2966.2006.11347.x},
   adsurl = {http://adsabs.harvard.edu/abs/2007MNRAS.375.1220M},
  adsnote = {Provided by the SAO/NASA Astrophysics Data System}
}

@ARTICLE{Jordi2010,
   author = {{Jordi}, C. and {Gebran}, M. and {Carrasco}, J.~M. and {de Bruijne}, J. and 
	{Voss}, H. and {Fabricius}, C. and {Knude}, J. and {Vallenari}, A. and 
	{Kohley}, R. and {Mora}, A.},
    title = "{Gaia broad band photometry}",
  journal = {\aap},
archivePrefix = "arXiv",
   eprint = {1008.0815},
 primaryClass = "astro-ph.IM",
 keywords = {instrumentation: photometers, techniques: photometric, Galaxy: general, dust, extinction, stars: evolution},
     year = 2010,
    month = nov,
   volume = 523,
      eid = {A48},
    pages = {A48},
      doi = {10.1051/0004-6361/201015441},
   adsurl = {http://adsabs.harvard.edu/abs/2010A%26A...523A..48J},
  adsnote = {Provided by the SAO/NASA Astrophysics Data System}
}

@ARTICLE{Carrasco2016,
   author = {{Carrasco}, J.~M. and {Evans}, D.~W. and {Montegriffo}, P. and 
	{Jordi}, C. and {van Leeuwen}, F. and {Riello}, M. and {Voss}, H. and 
	{De Angeli}, F. and {Busso}, G. and {Fabricius}, C. and {Cacciari}, C. and 
	{Weiler}, M. and {Pancino}, E. and {Brown}, A.~G.~A. and {Holland}, G. and 
	{Burgess}, P. and {Osborne}, P. and {Altavilla}, G. and {Gebran}, M. and 
	{Ragaini}, S. and {Galleti}, S. and {Cocozza}, G. and {Marinoni}, S. and 
	{Bellazzini}, M. and {Bragaglia}, A. and {Federici}, L. and 
	{Balaguer-N{\'u}{\~n}ez}, L.},
    title = "{Gaia Data Release 1. Principles of the photometric calibration of the G band}",
  journal = {\aap},
archivePrefix = "arXiv",
   eprint = {1611.02036},
 primaryClass = "astro-ph.IM",
 keywords = {instrumentation: photometers, space vehicles: instruments, techniques: photometric, surveys, Galaxy: general, catalogs},
     year = 2016,
    month = nov,
   volume = 595,
      eid = {A7},
    pages = {A7},
      doi = {10.1051/0004-6361/201629235},
   adsurl = {http://adsabs.harvard.edu/abs/2016A%26A...595A...7C},
  adsnote = {Provided by the SAO/NASA Astrophysics Data System}
}

@ARTICLE{Duerr1982,
   author = {{Duerr}, R. and {Imhoff}, C.~L. and {Lada}, C.~J.},
    title = "{Star formation in the Lambda Orionis region. I - The distribution of young objects}",
  journal = {\apj},
 keywords = {Early Stars, H Alpha Line, Molecular Clouds, Orion Constellation, Star Formation, Astronomical Photometry, B Stars, H Ii Regions, O Stars, Spatial Distribution, T Tauri Stars},
     year = 1982,
    month = oct,
   volume = 261,
    pages = {135-150},
      doi = {10.1086/160325},
   adsurl = {http://adsabs.harvard.edu/abs/1982ApJ...261..135D},
  adsnote = {Provided by the SAO/NASA Astrophysics Data System}
}




@ARTICLE{Bressan2012,
   author = {{Bressan}, A. and {Marigo}, P. and {Girardi}, L. and {Salasnich}, B. and 
	{Dal Cero}, C. and {Rubele}, S. and {Nanni}, A.},
    title = "{PARSEC: stellar tracks and isochrones with the PAdova and TRieste Stellar Evolution Code}",
  journal = {\mnras},
archivePrefix = "arXiv",
   eprint = {1208.4498},
 primaryClass = "astro-ph.SR",
 keywords = {stars: evolution, Hertzsprung{\dash}Russell and colour magnitude diagrams, stars: interiors, stars: low-mass},
     year = 2012,
    month = nov,
   volume = 427,
    pages = {127-145},
      doi = {10.1111/j.1365-2966.2012.21948.x},
   adsurl = {http://adsabs.harvard.edu/abs/2012MNRAS.427..127B},
  adsnote = {Provided by the SAO/NASA Astrophysics Data System}
}

@ARTICLE{Chen2014,
   author = {{Chen}, Y. and {Girardi}, L. and {Bressan}, A. and {Marigo}, P. and 
	{Barbieri}, M. and {Kong}, X.},
    title = "{Improving PARSEC models for very low mass stars}",
  journal = {\mnras},
archivePrefix = "arXiv",
   eprint = {1409.0322},
 primaryClass = "astro-ph.SR",
 keywords = {stars: evolution, Hertzsprung-Russell and colour-magnitude diagrams, stars: low-mass},
     year = 2014,
    month = nov,
   volume = 444,
    pages = {2525-2543},
      doi = {10.1093/mnras/stu1605},
   adsurl = {http://adsabs.harvard.edu/abs/2014MNRAS.444.2525C},
  adsnote = {Provided by the SAO/NASA Astrophysics Data System}
}

@ARTICLE{Tang2014,
   author = {{Tang}, J. and {Bressan}, A. and {Rosenfield}, P. and {Slemer}, A. and 
	{Marigo}, P. and {Girardi}, L. and {Bianchi}, L.},
    title = "{New PARSEC evolutionary tracks of massive stars at low metallicity: testing canonical stellar evolution in nearby star-forming dwarf galaxies}",
  journal = {\mnras},
archivePrefix = "arXiv",
   eprint = {1410.1745},
 primaryClass = "astro-ph.SR",
 keywords = {stars: evolution, Hertzsprung-Russell and colour-magnitude diagrams, stars: interiors, stars: massive},
     year = 2014,
    month = dec,
   volume = 445,
    pages = {4287-4305},
      doi = {10.1093/mnras/stu2029},
   adsurl = {http://adsabs.harvard.edu/abs/2014MNRAS.445.4287T},
  adsnote = {Provided by the SAO/NASA Astrophysics Data System}
}

@ARTICLE{2012ASSP...29.....M,
   author = {{Moitinho}, A. and {Alves}, J.},
    title = "{Star Clusters in the Era of Large Surveys}",
  journal = {Astrophysics and Space Science Proceedings},
 keywords = {Physics},
     year = 2012,
   volume = 29,
      doi = {10.1007/978-3-642-22113-2},
   adsurl = {http://adsabs.harvard.edu/abs/2012ASSP...29.....M},
  adsnote = {Provided by the SAO/NASA Astrophysics Data System}
}

@ARTICLE{Biazzo2011a,
   author = {{Biazzo}, K. and {Randich}, S. and {Palla}, F.},
    title = "{Chemical pattern across the young associations ONC and OB1b}",
  journal = {\aap},
archivePrefix = "arXiv",
   eprint = {1010.1658},
 primaryClass = "astro-ph.SR",
 keywords = {open clusters and associations: individual: Orion Complex, stars: abundances, stars: low-mass, stars: pre-main sequence, stars: late-type, techniques: spectroscopic},
     year = 2011,
    month = jan,
   volume = 525,
      eid = {A35},
    pages = {A35},
      doi = {10.1051/0004-6361/201015489},
   adsurl = {http://adsabs.harvard.edu/abs/2011A%26A...525A..35B},
  adsnote = {Provided by the SAO/NASA Astrophysics Data System}
}

@ARTICLE{Biazzo2011b,
   author = {{Biazzo}, K. and {Randich}, S. and {Palla}, F. and {Brice{\~n}o}, C.
	},
    title = "{Elemental abundances of low-mass stars in the young clusters 25 Orionis and {$\lambda$} Orionis}",
  journal = {\aap},
archivePrefix = "arXiv",
   eprint = {1103.3170},
 primaryClass = "astro-ph.SR",
 keywords = {open clusters and associations: individual: 25 Orionis, open clusters and associations: individual:{$\lambda$}Orionis, stars: abundances, stars: low-mass, stars: pre-main sequence, techniques: spectroscopic},
     year = 2011,
    month = jun,
   volume = 530,
      eid = {A19},
    pages = {A19},
      doi = {10.1051/0004-6361/201116621},
   adsurl = {http://adsabs.harvard.edu/abs/2011A%26A...530A..19B},
  adsnote = {Provided by the SAO/NASA Astrophysics Data System}
}


@ARTICLE{Kubiak2016,
   author = {{Kubiak}, K. and {Alves}, J. and {Bouy}, H. and {Sarro}, L.~M. and 
	{Ascenso}, J. and {Burkert}, A. and {Forbrich}, J. and {Gro{\ss}schedl}, J. and 
	{Hacar}, A. and {Hasenberger}, B. and {Lombardi}, M. and {Meingast}, S. and 
	{K{\"o}hler}, R. and {Teixeira}, P.~S.},
    title = "{Orion revisited III. The Orion Belt population}",
  journal = {ArXiv e-prints},
archivePrefix = "arXiv",
   eprint = {1609.04948},
 primaryClass = "astro-ph.SR",
 keywords = {Astrophysics - Solar and Stellar Astrophysics, Astrophysics - Astrophysics of Galaxies},
     year = 2016,
    month = sep,
   adsurl = {http://adsabs.harvard.edu/abs/2016arXiv160904948K},
  adsnote = {Provided by the SAO/NASA Astrophysics Data System}
}


@ARTICLE{Sacco2008,
   author = {{Sacco}, G.~G. and {Franciosini}, E. and {Randich}, S. and {Pallavicini}, R.
	},
    title = "{FLAMES spectroscopy of low-mass stars in the young clusters {$\sigma$} Ori and {$\lambda$} Ori}",
  journal = {\aap},
archivePrefix = "arXiv",
   eprint = {0805.2914},
 keywords = {stars: formation, stars: pre-main sequence, stars: late-type, Galaxy: open clusters and associations: individual: {$\sigma$} Ori, {$\lambda$} Ori},
     year = 2008,
    month = sep,
   volume = 488,
    pages = {167-179},
      doi = {10.1051/0004-6361:20079049},
   adsurl = {http://adsabs.harvard.edu/abs/2008A%26A...488..167S},
  adsnote = {Provided by the SAO/NASA Astrophysics Data System}
}

@ARTICLE{Jeffries2006,
   author = {{Jeffries}, R.~D. and {Maxted}, P.~F.~L. and {Oliveira}, J.~M. and 
	{Naylor}, T.},
    title = "{Kinematic structure in the young {$\sigma$} Orionis association}",
  journal = {\mnras},
   eprint = {astro-ph/0605616},
 keywords = {stars: low-mass, brown dwarfs: stars: pre-main-sequence: open clusters and associations: individual: {$\sigma$} Orionis, brown dwarfs, stars: pre-main-sequence, open clusters and associations: individual: {$\sigma$} Orionis},
     year = 2006,
    month = sep,
   volume = 371,
    pages = {L6-L10},
      doi = {10.1111/j.1745-3933.2006.00196.x},
   adsurl = {http://adsabs.harvard.edu/abs/2006MNRAS.371L...6J},
  adsnote = {Provided by the SAO/NASA Astrophysics Data System}
}

@ARTICLE{Caballero2007,
   author = {{Caballero}, J.~A. and {B{\'e}jar}, V.~J.~S. and {Rebolo}, R. and 
	{Eisl{\"o}ffel}, J. and {Zapatero Osorio}, M.~R. and {Mundt}, R. and 
	{Barrado Y Navascu{\'e}s}, D. and {Bihain}, G. and {Bailer-Jones}, C.~A.~L. and 
	{Forveille}, T. and {Mart{\'{\i}}n}, E.~L.},
    title = "{The substellar mass function in {$\sigma$} Orionis. II. Optical, near-infrared and IRAC/Spitzer photometry of young cluster brown dwarfs and planetary-mass objects}",
  journal = {\aap},
archivePrefix = "arXiv",
   eprint = {0705.0922},
 keywords = {stars: low mass, brown dwarfs, Galaxy: open clusters and associations: individual: {$\sigma$} Orionis, stars: planetary systems: protoplanetary discs},
     year = 2007,
    month = aug,
   volume = 470,
    pages = {903-918},
      doi = {10.1051/0004-6361:20066993},
   adsurl = {http://adsabs.harvard.edu/abs/2007A%26A...470..903C},
  adsnote = {Provided by the SAO/NASA Astrophysics Data System}
}


@ARTICLE{Briceno2007,
   author = {{Brice{\~n}o}, C. and {Hartmann}, L. and {Hern{\'a}ndez}, J. and 
	{Calvet}, N. and {Vivas}, A.~K. and {Furesz}, G. and {Szentgyorgyi}, A.
	},
    title = "{25 Orionis: A Kinematically Distinct 10 Myr Old Group in Orion OB1a}",
  journal = {\apj},
   eprint = {astro-ph/0701710},
 keywords = {Galaxy: Open Clusters and Associations: Individual: Name: Orion OB1, Stars: Kinematics, Stars: Pre-Main-Sequence},
     year = 2007,
    month = jun,
   volume = 661,
    pages = {1119-1128},
      doi = {10.1086/513087},
   adsurl = {http://adsabs.harvard.edu/abs/2007ApJ...661.1119B},
  adsnote = {Provided by the SAO/NASA Astrophysics Data System}
}

@ARTICLE{Straivzys2009,
   author = {{Strai{\v z}ys}, V. and {Lazauskait{\.e}}, R.},
    title = "{Intrinsic Color Indices and Luminosity Sequences of Stars in the 2MASS Two-Color Diagram}",
  journal = {Baltic Astronomy},
archivePrefix = "arXiv",
   eprint = {0907.2398},
 primaryClass = "astro-ph.SR",
 keywords = {stars:  fundamental parameters, photometric systems:  infrared, 2MASS},
     year = 2009,
   volume = 18,
    pages = {19-31},
   adsurl = {http://adsabs.harvard.edu/abs/2009BaltA..18...19S},
  adsnote = {Provided by the SAO/NASA Astrophysics Data System}
}


@ARTICLE{Jorgensen2005,
   author = {{J{\o}rgensen}, B.~R. and {Lindegren}, L.},
    title = "{Determination of stellar ages from isochrones: Bayesian estimation versus isochrone fitting}",
  journal = {\aap},
 keywords = {stars: fundamental parameters, stars: evolution, solar neighbourhood, methods: data analysis, methods: statistical},
     year = 2005,
    month = jun,
   volume = 436,
    pages = {127-143},
      doi = {10.1051/0004-6361:20042185},
   adsurl = {http://adsabs.harvard.edu/abs/2005A%26A...436..127J},
  adsnote = {Provided by the SAO/NASA Astrophysics Data System}
}

@INPROCEEDINGS{Valls-Gabaud2014,
   author = {{Valls-Gabaud}, D.},
    title = "{Bayesian isochrone fitting and stellar ages}",
booktitle = {EAS Publications Series},
     year = 2014,
   series = {EAS Publications Series},
   volume = 65,
archivePrefix = "arXiv",
   eprint = {1607.03000},
    month = nov,
    pages = {225-265},
      doi = {10.1051/eas/1465006},
   adsurl = {http://adsabs.harvard.edu/abs/2014EAS....65..225V},
  adsnote = {Provided by the SAO/NASA Astrophysics Data System}
}

@ARTICLE{Carraro2008,
   author = {{Carraro}, G. and {Villanova}, S. and {Demarque}, P. and {Moni Bidin}, C. and 
	{McSwain}, M.~V.},
    title = "{The old open cluster NGC 2112: updated estimates of fundamental parameters based on a membership analysis{\dagger}}",
  journal = {\mnras},
archivePrefix = "arXiv",
   eprint = {0802.3243},
 keywords = {open clusters and associations: general , open clusters and associations: individual: NGC 2112},
     year = 2008,
    month = may,
   volume = 386,
    pages = {1625-1634},
      doi = {10.1111/j.1365-2966.2008.13143.x},
   adsurl = {http://adsabs.harvard.edu/abs/2008MNRAS.386.1625C},
  adsnote = {Provided by the SAO/NASA Astrophysics Data System}
}

@ARTICLE{Altmann2017,
   author = {{Altmann}, M. and {Roeser}, S. and {Demleitner}, M. and {Bastian}, U. and 
	{Schilbach}, E.},
    title = "{Hot Stuff for One Year (HSOY) - A 580 million star proper motion catalogue derived from Gaia DR1 and PPMXL}",
  journal = {ArXiv e-prints},
archivePrefix = "arXiv",
   eprint = {1701.02629},
 keywords = {Astrophysics - Astrophysics of Galaxies},
     year = 2017,
    month = jan,
   adsurl = {http://adsabs.harvard.edu/abs/2017arXiv170102629A},
  adsnote = {Provided by the SAO/NASA Astrophysics Data System}
}


@ARTICLE{vanLeeuwen2017,
   author = {{van Leeuwen}, F. and {Evans}, D.~W. and {De Angeli}, F. and 
	{Jordi}, C. and {Busso}, G. and {Cacciari}, C. and {Riello}, M. and 
	{Pancino}, E. and {Altavilla}, G. and {Brown}, A.~G.~A. and 
	{Burgess}, P. and {Carrasco}, J.~M. and {Cocozza}, G. and {Cowell}, S. and 
	{Davidson}, M. and {De Luise}, F. and {Fabricius}, C. and {Galleti}, S. and 
	{Gilmore}, G. and {Giuffrida}, G. and {Hambly}, N.~C. and {Harrison}, D.~L. and 
	{Hodgkin}, S.~T. and {Holland}, G. and {MacDonald}, I. and {Marinoni}, S. and 
	{Montegriffo}, P. and {Osborne}, P. and {Ragaini}, S. and {Richards}, P.~J. and 
	{Rowell}, N. and {Voss}, H. and {Walton}, N.~A. and {Weiler}, M. and 
	{Castellani}, M. and {Delgado}, A. and {H{\o}g}, E. and {van Leeuwen}, M. and 
	{Millar}, N.~R. and {Pagani}, C. and {Piersimoni}, A.~M. and 
	{Pulone}, L. and {Rixon}, G. and {Suess}, F.~F. and {Wyrzykowski}, {\L}. and 
	{Yoldas}, A. and {Alecu}, A. and {Allan}, P.~M. and {Balaguer-N{\'u}{\~n}ez}, L. and 
	{Barstow}, M.~A. and {Bellazzini}, M. and {Belokurov}, V. and 
	{Blagorodnova}, N. and {Bonfigli}, M. and {Bragaglia}, A. and 
	{Brown}, S. and {Bunclark}, P. and {Buonanno}, R. and {Burgon}, R. and 
	{Campbell}, H. and {Collins}, R.~S. and {Cross}, N.~J.~G. and 
	{Ducourant}, C. and {van Elteren}, A. and {Evans}, N.~W. and 
	{Federici}, L. and {Fern{\'a}ndez-Hern{\'a}ndez}, J. and {Figueras}, F. and 
	{Fraser}, M. and {Fyfe}, D. and {Gebran}, M. and {Heyrovsky}, A. and 
	{Holl}, B. and {Holland}, A.~D. and {Iannicola}, G. and {Irwin}, M. and 
	{Koposov}, S.~E. and {Krone-Martins}, A. and {Mann}, R.~G. and 
	{Marrese}, P.~M. and {Masana}, E. and {Munari}, U. and {Ortiz}, P. and 
	{Ouzounis}, A. and {Peltzer}, C. and {Portell}, J. and {Read}, A. and 
	{Terrett}, D. and {Torra}, J. and {Trager}, S.~C. and {Troisi}, L. and 
	{Valentini}, G. and {Vallenari}, A. and {Wevers}, T.},
    title = "{Gaia Data Release 1. The photometric data}",
  journal = {\aap},
archivePrefix = "arXiv",
   eprint = {1612.02952},
 primaryClass = "astro-ph.IM",
 keywords = {catalogs, surveys, instrumentation: photometers, techniques: photometric, Galaxy: general},
     year = 2017,
    month = feb,
   volume = 599,
      eid = {A32},
    pages = {A32},
      doi = {10.1051/0004-6361/201630064},
   adsurl = {http://adsabs.harvard.edu/abs/2017A%26A...599A..32V},
  adsnote = {Provided by the SAO/NASA Astrophysics Data System}
}



@INBOOK{Mathieu2008,
   author = {{Mathieu}, R.~D.},
    title = "{The {$\lambda$} Orionis Star Forming Region}",
booktitle = {Handbook of Star Forming Regions, Volume I},
     year = 2008,
    month = dec,
   editor = {{Reipurth}, B.},
    pages = {757},
   adsurl = {http://adsabs.harvard.edu/abs/2008hsf1.book..757M},
  adsnote = {Provided by the SAO/NASA Astrophysics Data System}
}

@INBOOK{Walter2008,
   author = {{Walter}, F.~M. and {Sherry}, W.~H. and {Wolk}, S.~J. and {Adams}, N.~R.
	},
    title = "{The {$\sigma$} Orionis Cluster}",
booktitle = {Handbook of Star Forming Regions, Volume I},
     year = 2008,
    month = dec,
   editor = {{Reipurth}, B.},
    pages = {732},
   adsurl = {http://adsabs.harvard.edu/abs/2008hsf1.book..732W},
  adsnote = {Provided by the SAO/NASA Astrophysics Data System}
}


@ARTICLE{Planck2014,
   author = {{Planck Collaboration} and {Abergel}, A. and {Ade}, P.~A.~R. and 
	{Aghanim}, N. and {Alves}, M.~I.~R. and {Aniano}, G. and {Armitage-Caplan}, C. and 
	{Arnaud}, M. and {Ashdown}, M. and {Atrio-Barandela}, F. and et al.},
    title = "{Planck 2013 results. XI. All-sky model of thermal dust emission}",
  journal = {\aap},
archivePrefix = "arXiv",
   eprint = {1312.1300},
 keywords = {methods: data analysis, ISM: general, dust, extinction, infrared: ISM, submillimeter: ISM, opacity},
     year = 2014,
    month = nov,
   volume = 571,
      eid = {A11},
    pages = {A11},
      doi = {10.1051/0004-6361/201323195},
   adsurl = {http://adsabs.harvard.edu/abs/2014A%26A...571A..11P},
  adsnote = {Provided by the SAO/NASA Astrophysics Data System}
}



@ARTICLE{Schlafly2015,
   author = {{Schlafly}, E.~F. and {Green}, G. and {Finkbeiner}, D.~P. and 
	{Rix}, H.-W. and {Burgett}, W.~S. and {Chambers}, K.~C. and 
	{Draper}, P.~W. and {Kaiser}, N. and {Martin}, N.~F. and {Metcalfe}, N. and 
	{Morgan}, J.~S. and {Price}, P.~A. and {Tonry}, J.~L. and {Wainscoat}, R.~J. and 
	{Waters}, C.},
    title = "{Three-dimensional Dust Mapping Reveals that Orion Forms Part of a Large Ring of Dust}",
  journal = {\apj},
archivePrefix = "arXiv",
   eprint = {1411.5402},
 keywords = {dust, extinction, ISM: bubbles, ISM: clouds },
     year = 2015,
    month = feb,
   volume = 799,
      eid = {116},
    pages = {116},
      doi = {10.1088/0004-637X/799/2/116},
   adsurl = {http://adsabs.harvard.edu/abs/2015ApJ...799..116S},
  adsnote = {Provided by the SAO/NASA Astrophysics Data System}
}


@ARTICLE{Chambers2016,
   author = {{Chambers}, K.~C. and {Magnier}, E.~A. and {Metcalfe}, N. and 
	{Flewelling}, H.~A. and {Huber}, M.~E. and {Waters}, C.~Z. and 
	{Denneau}, L. and {Draper}, P.~W. and {Farrow}, D. and {Finkbeiner}, D.~P. and 
	{Holmberg}, C. and {Koppenhoefer}, J. and {Price}, P.~A. and 
	{Saglia}, R.~P. and {Schlafly}, E.~F. and {Smartt}, S.~J. and 
	{Sweeney}, W. and {Wainscoat}, R.~J. and {Burgett}, W.~S. and 
	{Grav}, T. and {Heasley}, J.~N. and {Hodapp}, K.~W. and {Jedicke}, R. and 
	{Kaiser}, N. and {Kudritzki}, R.-P. and {Luppino}, G.~A. and 
	{Lupton}, R.~H. and {Monet}, D.~G. and {Morgan}, J.~S. and {Onaka}, P.~M. and 
	{Stubbs}, C.~W. and {Tonry}, J.~L. and {Banados}, E. and {Bell}, E.~F. and 
	{Bender}, R. and {Bernard}, E.~J. and {Botticella}, M.~T. and 
	{Casertano}, S. and {Chastel}, S. and {Chen}, W.-P. and {Chen}, X. and 
	{Cole}, S. and {Deacon}, N. and {Frenk}, C. and {Fitzsimmons}, A. and 
	{Gezari}, S. and {Goessl}, C. and {Goggia}, T. and {Goldman}, B. and 
	{Grebel}, E.~K. and {Hambly}, N.~C. and {Hasinger}, G. and {Heavens}, A.~F. and 
	{Heckman}, T.~M. and {Henderson}, R. and {Henning}, T. and {Holman}, M. and 
	{Hopp}, U. and {Ip}, W.-H. and {Isani}, S. and {Keyes}, C.~D. and 
	{Koekemoer}, A. and {Kotak}, R. and {Long}, K.~S. and {Lucey}, J.~R and 
	{Liu}, M. and {Martin}, N.~F. and {McLean}, B. and {Morganson}, E. and 
	{Murphy}, D.~N.~A. and {Nieto-Santisteban}, M.~A. and {Norberg}, P. and 
	{Peacock}, J.~A. and {Pier}, E.~A. and {Postman}, M. and {Primak}, N. and 
	{Rae}, C. and {Rest}, A. and {Riess}, A. and {Riffeser}, A. and 
	{Rix}, H.~W. and {Roser}, S. and {Schilbach}, E. and {Schultz}, A.~S.~B. and 
	{Scolnic}, D. and {Szalay}, A. and {Seitz}, S. and {Shiao}, B. and 
	{Small}, E. and {Smith}, K.~W. and {Soderblom}, D. and {Taylor}, A.~N. and 
	{Thakar}, A.~R. and {Thiel}, J. and {Thilker}, D. and {Urata}, Y. and 
	{Valenti}, J. and {Walter}, F. and {Watters}, S.~P. and {Werner}, S. and 
	{White}, R. and {Wood-Vasey}, W.~M. and {Wyse}, R.},
    title = "{The Pan-STARRS1 Surveys}",
  journal = {ArXiv e-prints},
archivePrefix = "arXiv",
   eprint = {1612.05560},
 primaryClass = "astro-ph.IM",
 keywords = {Astrophysics - Instrumentation and Methods for Astrophysics, Astrophysics - Earth and Planetary Astrophysics, Astrophysics - Astrophysics of Galaxies, Astrophysics - Solar and Stellar Astrophysics},
     year = 2016,
    month = dec,
   adsurl = {http://adsabs.harvard.edu/abs/2016arXiv161205560C},
  adsnote = {Provided by the SAO/NASA Astrophysics Data System}
}



@ARTICLE{Magnier2016,
   author = {{Magnier}, E.~A. and {Schlafly}, E.~F. and {Finkbeiner}, D.~P. and 
	{Tonry}, J.~L. and {Goldman}, B. and {R{\"o}ser}, S. and {Schilbach}, E. and 
	{Chambers}, K.~C. and {Flewelling}, H.~A. and {Huber}, M.~E. and 
	{Price}, P.~A. and {Sweeney}, W.~E. and {Waters}, C.~Z. and 
	{Denneau}, L. and {Draper}, P. and {Hodapp}, K.~W. and {Jedicke}, R. and 
	{Kudritzki}, R.-P. and {Metcalfe}, N. and {Stubbs}, C.~W. and 
	{Wainscoast}, R.~J.},
    title = "{Pan-STARRS Photometric and Astrometric Calibration}",
  journal = {ArXiv e-prints},
archivePrefix = "arXiv",
   eprint = {1612.05242},
 primaryClass = "astro-ph.IM",
 keywords = {Astrophysics - Instrumentation and Methods for Astrophysics},
     year = 2016,
    month = dec,
   adsurl = {http://adsabs.harvard.edu/abs/2016arXiv161205242M},
  adsnote = {Provided by the SAO/NASA Astrophysics Data System}
}




@ARTICLE{Hoogerwerf1999,
   author = {{Hoogerwerf}, R. and {Aguilar}, L.~A.},
    title = "{Identification of moving groups and member selection using HIPPARCOS data}",
  journal = {\mnras},
   eprint = {astro-ph/9903240},
 keywords = {ASTROMETRY, STARS: KINEMATICS, OPEN CLUSTERS AND ASSOCIATIONS: GENERAL, OPEN CLUSTERS AND ASSOCIATIONS: INDIVIDUAL: HYADES, OPEN CLUSTERS AND ASSOCIATIONS: INDIVIDUAL: IC 2602},
     year = 1999,
    month = jun,
   volume = 306,
    pages = {394-406},
      doi = {10.1046/j.1365-8711.1999.02644.x},
   adsurl = {http://adsabs.harvard.edu/abs/1999MNRAS.306..394H},
  adsnote = {Provided by the SAO/NASA Astrophysics Data System}
}



@ARTICLE{Zinnecker2007,
   author = {{Zinnecker}, H. and {Yorke}, H.~W.},
    title = "{Toward Understanding Massive Star Formation}",
  journal = {\araa},
archivePrefix = "arXiv",
   eprint = {0707.1279},
     year = 2007,
    month = sep,
   volume = 45,
    pages = {481-563},
      doi = {10.1146/annurev.astro.44.051905.092549},
   adsurl = {http://adsabs.harvard.edu/abs/2007ARA%26A..45..481Z},
  adsnote = {Provided by the SAO/NASA Astrophysics Data System}
}

@ARTICLE{Reggiani2011,
   author = {{Reggiani}, M. and {Robberto}, M. and {Da Rio}, N. and {Meyer}, M.~R. and 
	{Soderblom}, D.~R. and {Ricci}, L.},
    title = "{Quantitative evidence of an intrinsic luminosity spread in the Orion nebula cluster}",
  journal = {\aap},
archivePrefix = "arXiv",
   eprint = {1108.1015},
 keywords = {stars: formation, stars: low-mass, stars: pre-main sequence, methods: statistical, techniques: photometric, open clusters and associations: individual: Orion nebula cluster},
     year = 2011,
    month = oct,
   volume = 534,
      eid = {A83},
    pages = {A83},
      doi = {10.1051/0004-6361/201116946},
   adsurl = {http://adsabs.harvard.edu/abs/2011A%26A...534A..83R},
  adsnote = {Provided by the SAO/NASA Astrophysics Data System}
}


@ARTICLE{DaRio2016,
   author = {{Da Rio}, N. and {Tan}, J.~C. and {Covey}, K.~R. and {Cottaar}, M. and 
	{Foster}, J.~B. and {Cullen}, N.~C. and {Tobin}, J.~J. and {Kim}, J.~S. and 
	{Meyer}, M.~R. and {Nidever}, D.~L. and {Stassun}, K.~G. and 
	{Chojnowski}, S.~D. and {Flaherty}, K.~M. and {Majewski}, S. and 
	{Skrutskie}, M.~F. and {Zasowski}, G. and {Pan}, K.},
    title = "{IN-SYNC. IV. The Young Stellar Population in the Orion A Molecular Cloud}",
  journal = {\apj},
archivePrefix = "arXiv",
   eprint = {1511.04147},
 keywords = {open clusters and associations: individual: Orion Nebula Cluster, L1641, stars: formation, stars: kinematics and dynamics, stars: pre-main sequence},
     year = 2016,
    month = feb,
   volume = 818,
      eid = {59},
    pages = {59},
      doi = {10.3847/0004-637X/818/1/59},
   adsurl = {http://adsabs.harvard.edu/abs/2016ApJ...818...59D},
  adsnote = {Provided by the SAO/NASA Astrophysics Data System}
}

@ARTICLE{Prusti2016,
   author = {{Gaia Collaboration} and {Prusti}, T. and {de Bruijne}, J.~H.~J. and 
	{Brown}, A.~G.~A. and {Vallenari}, A. and {Babusiaux}, C. and 
	{Bailer-Jones}, C.~A.~L. and {Bastian}, U. and {Biermann}, M. and 
	{Evans}, D.~W. and et al.},
    title = "{The Gaia mission}",
  journal = {\aap},
archivePrefix = "arXiv",
   eprint = {1609.04153},
 primaryClass = "astro-ph.IM",
 keywords = {space vehicles: instruments, Galaxy: structure, astrometry, parallaxes, proper motions, telescopes},
     year = 2016,
    month = nov,
   volume = 595,
      eid = {A1},
    pages = {A1},
      doi = {10.1051/0004-6361/201629272},
   adsurl = {http://adsabs.harvard.edu/abs/2016A%26A...595A...1G},
  adsnote = {Provided by the SAO/NASA Astrophysics Data System}
}

@ARTICLE{Brown2016,
   author = {{Gaia Collaboration} and {Brown}, A.~G.~A. and {Vallenari}, A. and 
	{Prusti}, T. and {de Bruijne}, J.~H.~J. and {Mignard}, F. and 
	{Drimmel}, R. and {Babusiaux}, C. and {Bailer-Jones}, C.~A.~L. and 
	{Bastian}, U. and et al.},
    title = "{Gaia Data Release 1. Summary of the astrometric, photometric, and survey properties}",
  journal = {\aap},
archivePrefix = "arXiv",
   eprint = {1609.04172},
 primaryClass = "astro-ph.IM",
 keywords = {catalogs, astrometry, parallaxes, proper motions, surveys},
     year = 2016,
    month = nov,
   volume = 595,
      eid = {A2},
    pages = {A2},
      doi = {10.1051/0004-6361/201629512},
   adsurl = {http://adsabs.harvard.edu/abs/2016A%26A...595A...2G},
  adsnote = {Provided by the SAO/NASA Astrophysics Data System}
}


@ARTICLE{Fang2017,
   author = {{Fang}, M. and {Kim}, J.~S. and {Pascucci}, I. and {Apai}, D. and 
	{Zhang}, L. and {Sicilia-Aguilar}, A. and {Alonso-Mart{\'{\i}}nez}, M. and 
	{Eiroa}, C. and {Wang}, H.},
    title = "{NGC 1980 is not a foreground population of Orion: Spectroscopic survey of young stars with low extinction in Orion A}",
  journal = {ArXiv e-prints},
archivePrefix = "arXiv",
   eprint = {1703.06948},
 primaryClass = "astro-ph.SR",
 keywords = {Astrophysics - Solar and Stellar Astrophysics, Astrophysics - Astrophysics of Galaxies},
     year = 2017,
    month = mar,
   adsurl = {http://adsabs.harvard.edu/abs/2017arXiv170306948F},
  adsnote = {Provided by the SAO/NASA Astrophysics Data System}
}


@ARTICLE{Mist0,
   author = {{Dotter}, A.},
    title = "{MESA Isochrones and Stellar Tracks (MIST) 0: Methods for the Construction of Stellar Isochrones}",
  journal = {\apjs},
archivePrefix = "arXiv",
   eprint = {1601.05144},
 primaryClass = "astro-ph.SR",
 keywords = {methods: numerical, stars: evolution},
     year = 2016,
    month = jan,
   volume = 222,
      eid = {8},
    pages = {8},
      doi = {10.3847/0067-0049/222/1/8},
   adsurl = {http://adsabs.harvard.edu/abs/2016ApJS..222....8D},
  adsnote = {Provided by the SAO/NASA Astrophysics Data System}
}

@ARTICLE{Mist1	,
   author = {{Choi}, J. and {Dotter}, A. and {Conroy}, C. and {Cantiello}, M. and 
	{Paxton}, B. and {Johnson}, B.~D.},
    title = "{Mesa Isochrones and Stellar Tracks (MIST). I. Solar-scaled Models}",
  journal = {\apj},
archivePrefix = "arXiv",
   eprint = {1604.08592},
 primaryClass = "astro-ph.SR",
 keywords = {stars: evolution, stars: general, stars: interiors},
     year = 2016,
    month = jun,
   volume = 823,
      eid = {102},
    pages = {102},
      doi = {10.3847/0004-637X/823/2/102},
   adsurl = {http://adsabs.harvard.edu/abs/2016ApJ...823..102C},
  adsnote = {Provided by the SAO/NASA Astrophysics Data System}
}

@ARTICLE{Tobin2009,
   author = {{Tobin}, J.~J. and {Hartmann}, L. and {Furesz}, G. and {Mateo}, M. and 
	{Megeath}, S.~T.},
    title = "{Kinematics of the Orion Nebula Cluster: Velocity Substructure and Spectroscopic Binaries}",
  journal = {\apj},
archivePrefix = "arXiv",
   eprint = {0903.2775},
 primaryClass = "astro-ph.SR",
 keywords = {stars: formation },
     year = 2009,
    month = jun,
   volume = 697,
      eid = {1103-1118},
    pages = {1103-1118},
      doi = {10.1088/0004-637X/697/2/1103},
   adsurl = {http://adsabs.harvard.edu/abs/2009ApJ...697.1103T},
  adsnote = {Provided by the SAO/NASA Astrophysics Data System}
}

@ARTICLE{Hacar2016,
   author = {{Hacar}, A. and {Alves}, J. and {Forbrich}, J. and {Meingast}, S. and 
	{Kubiak}, K. and {Gro{\ss}schedl}, J.},
    title = "{APOGEE strings: A fossil record of the gas kinematic structure}",
  journal = {\aap},
archivePrefix = "arXiv",
   eprint = {1602.01854},
 keywords = {stars: formation, stars: kinematics and dynamics, ISM: kinematics and dynamics},
     year = 2016,
    month = may,
   volume = 589,
      eid = {A80},
    pages = {A80},
      doi = {10.1051/0004-6361/201527805},
   adsurl = {http://adsabs.harvard.edu/abs/2016A%26A...589A..80H},
  adsnote = {Provided by the SAO/NASA Astrophysics Data System}
}

@ARTICLE{Preibisch2002,
   author = {{Preibisch}, T. and {Brown}, A.~G.~A. and {Bridges}, T. and 
	{Guenther}, E. and {Zinnecker}, H.},
    title = "{Exploring the Full Stellar Population of the Upper Scorpius OB Association}",
  journal = {\aj},
 keywords = {Galaxy: Open Clusters and Associations: Individual: Name: Upper Scorpius, Stars: Formation, Stars: Luminosity Function, Mass Function, Stars: Pre-Main-Sequence},
     year = 2002,
    month = jul,
   volume = 124,
    pages = {404-416},
      doi = {10.1086/341174},
   adsurl = {http://adsabs.harvard.edu/abs/2002AJ....124..404P},
  adsnote = {Provided by the SAO/NASA Astrophysics Data System}
}


@ARTICLE{Barrado2007,
   author = {{Barrado y Navascu{\'e}s}, D. and {Stauffer}, J.~R. and {Morales-Calder{\'o}n}, M. and 
	{Bayo}, A. and {Fazzio}, G. and {Megeath}, T. and {Allen}, L. and 
	{Hartmann}, L.~W. and {Calvet}, N.},
    title = "{Spitzer: Accretion in Low-Mass Stars and Brown Dwarfs in the {$\lambda$} Orionis Cluster}",
  journal = {\apj},
archivePrefix = "arXiv",
   eprint = {0704.1963},
 keywords = {Galaxy: Open Clusters and Associations: Individual: Name: {$\lambda$} Orionis, Stars: Low-Mass, Brown Dwarfs, Stars: Pre-Main-Sequence},
     year = 2007,
    month = jul,
   volume = 664,
    pages = {481-500},
      doi = {10.1086/518816},
   adsurl = {http://adsabs.harvard.edu/abs/2007ApJ...664..481B},
  adsnote = {Provided by the SAO/NASA Astrophysics Data System}
}


@ARTICLE{Dolan2002,
   author = {{Dolan}, C.~J. and {Mathieu}, R.~D.},
    title = "{A Photometric Study of the Young Stellar Population throughout the {$\lambda$} Orionis Star-Forming Region}",
  journal = {\aj},
   eprint = {astro-ph/0110160},
 keywords = {Stars: Formation, Stars: Pre-Main-Sequence},
     year = 2002,
    month = jan,
   volume = 123,
    pages = {387-403},
      doi = {10.1086/324631},
   adsurl = {http://adsabs.harvard.edu/abs/2002AJ....123..387D},
  adsnote = {Provided by the SAO/NASA Astrophysics Data System}
}



@ARTICLE{Hernandez2007,
   author = {{Hern{\'a}ndez}, J. and {Hartmann}, L. and {Megeath}, T. and 
	{Gutermuth}, R. and {Muzerolle}, J. and {Calvet}, N. and {Vivas}, A.~K. and 
	{Brice{\~n}o}, C. and {Allen}, L. and {Stauffer}, J. and {Young}, E. and 
	{Fazio}, G.},
    title = "{A Spitzer Space Telescope Study of Disks in the Young {$\sigma$} Orionis Cluster}",
  journal = {\apj},
   eprint = {astro-ph/0701476},
 keywords = {Infrared: Stars, open clusters and associations: individual ({$\sigma$} Orionis cluster), Stars: Planetary Systems: Protoplanetary Disks, Stars: Formation, Stars: Pre-Main-Sequence},
     year = 2007,
    month = jun,
   volume = 662,
    pages = {1067-1081},
      doi = {10.1086/513735},
   adsurl = {http://adsabs.harvard.edu/abs/2007ApJ...662.1067H},
  adsnote = {Provided by the SAO/NASA Astrophysics Data System}
}


@Article{matplotlib,
  Author    = {Hunter, J. D.},
  Title     = {Matplotlib: A 2D graphics environment},
  Journal   = {Computing In Science \& Engineering},
  Volume    = {9},
  Number    = {3},
  Pages     = {90--95},
  abstract  = {Matplotlib is a 2D graphics package used for Python
  for application development, interactive scripting, and
  publication-quality image generation across user
  interfaces and operating systems.},
  publisher = {IEEE COMPUTER SOC},
  doi = {10.1109/MCSE.2007.55},
  year      = 2007
}

@Article{ipython,
  Author    = {P\'erez, Fernando and Granger, Brian E.},
  Title     = {{IP}ython: a System for Interactive Scientific Computing},
  Journal   = {Computing in Science and Engineering},
  Volume    = {9},
  Number    = {3},
  Pages     = {21--29},
  month     = may,
  year      = 2007,
  url       = "http://ipython.org",
  ISSN      = "1521-9615",
  doi       = {10.1109/MCSE.2007.53},
  publisher = {IEEE Computer Society},
}


@INPROCEEDINGS{topcat,
   author = {{Taylor}, M.~B.},
    title = "{TOPCAT {\amp} STIL: Starlink Table/VOTable Processing Software}",
booktitle = {Astronomical Data Analysis Software and Systems XIV},
     year = 2005,
   series = {Astronomical Society of the Pacific Conference Series},
   volume = 347,
   editor = {{Shopbell}, P. and {Britton}, M. and {Ebert}, R.},
    month = dec,
    pages = {29},
   adsurl = {http://adsabs.harvard.edu/abs/2005ASPC..347...29T},
  adsnote = {Provided by the SAO/NASA Astrophysics Data System}
}

@ARTICLE{Finkbeiner2003,
   author = {{Finkbeiner}, D.~P.},
    title = "{A Full-Sky H{$\alpha$} Template for Microwave Foreground Prediction}",
  journal = {\apjs},
   eprint = {astro-ph/0301558},
 keywords = {ISM: Dust, Extinction, ISM: H II Regions, ISM: Clouds},
     year = 2003,
    month = jun,
   volume = 146,
    pages = {407-415},
      doi = {10.1086/374411},
   adsurl = {http://adsabs.harvard.edu/abs/2003ApJS..146..407F},
  adsnote = {Provided by the SAO/NASA Astrophysics Data System}
}

@ARTICLE{Sandstrom2007,
   author = {{Sandstrom}, K.~M. and {Peek}, J.~E.~G. and {Bower}, G.~C. and 
	{Bolatto}, A.~D. and {Plambeck}, R.~L.},
    title = "{A Parallactic Distance of 389$^{+24}$$_{-21}$ Parsecs to the Orion Nebula Cluster from Very Long Baseline Array Observations}",
  journal = {\apj},
archivePrefix = "arXiv",
   eprint = {0706.2361},
 keywords = {Astrometry, Galaxy: Open Clusters and Associations: Individual: Name: Orion Nebula Cluster, Stars: Distances, stars: individual (GMR A), Techniques: Interferometric},
     year = 2007,
    month = oct,
   volume = 667,
    pages = {1161-1169},
      doi = {10.1086/520922},
   adsurl = {http://adsabs.harvard.edu/abs/2007ApJ...667.1161S},
  adsnote = {Provided by the SAO/NASA Astrophysics Data System}
}

@ARTICLE{Menten2007,
   author = {{Menten}, K.~M. and {Reid}, M.~J. and {Forbrich}, J. and {Brunthaler}, A.
	},
    title = "{The distance to the Orion Nebula}",
  journal = {\aap},
archivePrefix = "arXiv",
   eprint = {0709.0485},
 keywords = {stars: pre-main sequence, radio continuum: stars, techniques: interferometic, astrometry},
     year = 2007,
    month = nov,
   volume = 474,
    pages = {515-520},
      doi = {10.1051/0004-6361:20078247},
   adsurl = {http://adsabs.harvard.edu/abs/2007A%26A...474..515M},
  adsnote = {Provided by the SAO/NASA Astrophysics Data System}
}

@ARTICLE{Hirota2007,
   author = {{Hirota}, T. and {Bushimata}, T. and {Choi}, Y.~K. and {Honma}, M. and 
	{Imai}, H. and {Iwadate}, K. and {Jike}, T. and {Kameno}, S. and 
	{Kameya}, O. and {Kamohara}, R. and {Kan-Ya}, Y. and {Kawaguchi}, N. and 
	{Kijima}, M. and {Kim}, M.~K. and {Kobayashi}, H. and {Kuji}, S. and 
	{Kurayama}, T. and {Manabe}, S. and {Maruyama}, K. and {Matsui}, M. and 
	{Matsumoto}, N. and {Miyaji}, T. and {Nagayama}, T. and {Nakagawa}, A. and 
	{Nakamura}, K. and {Oh}, C.~S. and {Omodaka}, T. and {Oyama}, T. and 
	{Sakai}, S. and {Sasao}, T. and {Sato}, K. and {Sato}, M. and 
	{Shibata}, K.~M. and {Shintani}, M. and {Tamura}, Y. and {Tsushima}, M. and 
	{Yamashita}, K.},
    title = "{Distance to Orion KL Measured with VERA}",
  journal = {\pasj},
archivePrefix = "arXiv",
   eprint = {0705.3792},
 keywords = {astrometry, ISM: individual (Orion KL), ISM: jets and outflows, masers (H2O), radio lines: ISM},
     year = 2007,
    month = oct,
   volume = 59,
    pages = {897-903},
      doi = {10.1093/pasj/59.5.897},
   adsurl = {http://adsabs.harvard.edu/abs/2007PASJ...59..897H},
  adsnote = {Provided by the SAO/NASA Astrophysics Data System}
}

@ARTICLE{Kim2008,
   author = {{Kim}, M.~K. and {Hirota}, T. and {Honma}, M. and {Kobayashi}, H. and 
	{Bushimata}, T. and {Choi}, Y.~K. and {Imai}, H. and {Iwadate}, K. and 
	{Jike}, T. and {Kameno}, S. and {Kameya}, O. and {Kamohara}, R. and 
	{Kan-Ya}, Y. and {Kawaguchi}, N. and {Kuji}, S. and {Kurayama}, T. and 
	{Manabe}, S. and {Matsui}, M. and {Matsumoto}, N. and {Miyaji}, T. and 
	{Nagayama}, T. and {Nakagawa}, A. and {Oh}, C.~S. and {Omodaka}, T. and 
	{Oyama}, T. and {Sakai}, S. and {Sasao}, T. and {Sato}, K. and 
	{Sato}, M. and {Shibata}, K.~M. and {Tamura}, Y. and {Yamashita}, K.
	},
    title = "{SiO Maser Observations toward Orion-KL with VERA}",
  journal = {\pasj},
 keywords = {astrometry, ISM: individual (Orion-KL), masers (SiO)},
     year = 2008,
    month = oct,
   volume = 60,
    pages = {991-999},
      doi = {10.1093/pasj/60.5.991},
   adsurl = {http://adsabs.harvard.edu/abs/2008PASJ...60..991K},
  adsnote = {Provided by the SAO/NASA Astrophysics Data System}
}


@ARTICLE{Kounkel2017a,
   author = {{Kounkel}, M. and {Hartmann}, L. and {Loinard}, L. and {Ortiz-Le{\'o}n}, G.~N. and 
	{Mioduszewski}, A.~J. and {Rodr{\'{\i}}guez}, L.~F. and {Dzib}, S.~A. and 
	{Torres}, R.~M. and {Pech}, G. and {Galli}, P.~A.~B. and {Rivera}, J.~L. and 
	{Boden}, A.~F. and {Evans}, II, N.~J. and {Brice{\~n}o}, C. and 
	{Tobin}, J.~J.},
    title = "{The Gould{\rsquo}s Belt Distances Survey (GOBELINS) II. Distances and Structure toward the Orion Molecular Clouds}",
  journal = {\apj},
archivePrefix = "arXiv",
   eprint = {1609.04041},
 primaryClass = "astro-ph.SR",
 keywords = {astrometry, ISM: individual objects: Orion Molecular Clouds, parallaxes, radiation mechanisms: nonthermal, stars: kinematics and dynamics},
     year = 2017,
    month = jan,
   volume = 834,
      eid = {142},
    pages = {142},
      doi = {10.3847/1538-4357/834/2/142},
   adsurl = {http://adsabs.harvard.edu/abs/2017ApJ...834..142K},
  adsnote = {Provided by the SAO/NASA Astrophysics Data System}
}



@ARTICLE{Kounkel2017b,
   author = {{Kounkel}, M. and {Hartmann}, L. and {Calvet}, N. and {Megeath}, T.
	},
    title = "{Characterizing the stellar population of NGC 1980}",
  journal = {ArXiv e-prints},
archivePrefix = "arXiv",
   eprint = {1705.07922},
 primaryClass = "astro-ph.SR",
 keywords = {Astrophysics - Solar and Stellar Astrophysics, Astrophysics - Astrophysics of Galaxies},
     year = 2017,
    month = may,
   adsurl = {http://adsabs.harvard.edu/abs/2017arXiv170507922K},
  adsnote = {Provided by the SAO/NASA Astrophysics Data System}
}


@ARTICLE{Jeffries2007,
   author = {{Jeffries}, R.~D.},
    title = "{The distance to the Orion Nebula cluster}",
  journal = {\mnras},
   eprint = {astro-ph/0701186},
 keywords = {methods: statistical , stars: distances , stars: formation , open clusters and associations: individual: M42},
     year = 2007,
    month = apr,
   volume = 376,
    pages = {1109-1119},
      doi = {10.1111/j.1365-2966.2007.11471.x},
   adsurl = {http://adsabs.harvard.edu/abs/2007MNRAS.376.1109J},
  adsnote = {Provided by the SAO/NASA Astrophysics Data System}
}

@ARTICLE{Stassun2004,
   author = {{Stassun}, K.~G. and {Mathieu}, R.~D. and {Vaz}, L.~P.~R. and 
	{Stroud}, N. and {Vrba}, F.~J.},
    title = "{Dynamical Mass Constraints on Low-Mass Pre-Main-Sequence Stellar Evolutionary Tracks: An Eclipsing Binary in Orion with a 1.0 M$_{solar}$ Primary and a 0.7 M$_{solar}$ Secondary}",
  journal = {\apjs},
   eprint = {astro-ph/0312575},
 keywords = {Stars: Binaries: Eclipsing, Stars: Binaries: Spectroscopic, Stars: Fundamental Parameters, Stars: Low-Mass, Brown Dwarfs, Stars: Pre-Main-Sequence},
     year = 2004,
    month = apr,
   volume = 151,
    pages = {357-385},
      doi = {10.1086/382353},
   adsurl = {http://adsabs.harvard.edu/abs/2004ApJS..151..357S},
  adsnote = {Provided by the SAO/NASA Astrophysics Data System}
}

@ARTICLE{Kraus2009,
   author = {{Kraus}, S. and {Weigelt}, G. and {Balega}, Y.~Y. and {Docobo}, J.~A. and 
	{Hofmann}, K.-H. and {Preibisch}, T. and {Schertl}, D. and {Tamazian}, V.~S. and 
	{Driebe}, T. and {Ohnaka}, K. and {Petrov}, R. and {Sch{\"o}ller}, M. and 
	{Smith}, M.},
    title = "{Tracing the young massive high-eccentricity binary system {\thetas}\^{}1Orionis C through periastron passage}",
  journal = {\aap},
archivePrefix = "arXiv",
   eprint = {0902.0365},
 primaryClass = "astro-ph.SR",
 keywords = {stars: formation, stars: fundamental parameters, stars: individual: {\thetas} Orionis C, binaries: close, techniques: interferometric, stars: imaging},
     year = 2009,
    month = apr,
   volume = 497,
    pages = {195-207},
      doi = {10.1051/0004-6361/200810368},
   adsurl = {http://adsabs.harvard.edu/abs/2009A%26A...497..195K},
  adsnote = {Provided by the SAO/NASA Astrophysics Data System}
}


@ARTICLE{Beccari2017,
   author = {{Beccari}, G. and {Petr-Gotzens}, M.~G. and {Boffin}, H.~M.~J. and 
	{Romaniello}, M. and {Fedele}, D. and {Carraro}, G. and {De Marchi}, G. and 
	{de Wit}, W.-J. and {Drew}, J.~E. and {Kalari}, V.~M. and {Manara}, C.~F. and 
	{Martin}, E.~L. and {Panagia}, N. and {Testi}, L. and {Vink}, J.~S. and 
	{Walsh}, J.~R. and {Wright}, N.~J.},
    title = "{A Tale of Three Cities: OmegaCAM discovers multiple sequences in the color-magnitude diagram of the Orion Nebula Cluster}",
  journal = {ArXiv e-prints},
archivePrefix = "arXiv",
   eprint = {1705.09496},
 primaryClass = "astro-ph.SR",
 keywords = {Astrophysics - Solar and Stellar Astrophysics, Astrophysics - Astrophysics of Galaxies},
     year = 2017,
    month = may,
   adsurl = {http://adsabs.harvard.edu/abs/2017arXiv170509496B},
  adsnote = {Provided by the SAO/NASA Astrophysics Data System}
}

@ARTICLE{Getman2014,
   author = {{Getman}, K.~V. and {Feigelson}, E.~D. and {Kuhn}, M.~A.},
    title = "{Core-Halo Age Gradients and Star Formation in the Orion Nebula and NGC 2024 Young Stellar Clusters}",
  journal = {\apj},
archivePrefix = "arXiv",
   eprint = {1403.2742},
 primaryClass = "astro-ph.SR",
 keywords = {stars: early-type, stars: formation, stars: pre-main sequence},
     year = 2014,
    month = jun,
   volume = 787,
      eid = {109},
    pages = {109},
      doi = {10.1088/0004-637X/787/2/109},
   adsurl = {http://adsabs.harvard.edu/abs/2014ApJ...787..109G},
  adsnote = {Provided by the SAO/NASA Astrophysics Data System}
}


@INPROCEEDINGS{astroML,
 author={{Vanderplas}, J.T. and {Connolly}, A.J.
         and {Ivezi{\'c}}, {\v Z}. and {Gray}, A.},
 booktitle={Conference on Intelligent Data Understanding (CIDU)},
 title={Introduction to astroML: Machine learning for astrophysics},
 month={oct.},
 pages={47 -54},
 doi={10.1109/CIDU.2012.6382200},
 year={2012}
}



@ARTICLE{Lombardi2017,
   author = {{Lombardi}, M. and {Lada}, C.~J. and {Alves}, J.},
    title = "{A new method to unveil embedded stellar clusters}",
  journal = {ArXiv e-prints},
archivePrefix = "arXiv",
   eprint = {1707.08594},
 primaryClass = "astro-ph.IM",
 keywords = {Astrophysics - Instrumentation and Methods for Astrophysics, Astrophysics - Astrophysics of Galaxies},
     year = 2017,
    month = jul,
   adsurl = {http://adsabs.harvard.edu/abs/2017arXiv170708594L},
  adsnote = {Provided by the SAO/NASA Astrophysics Data System}
}

@ARTICLE{Sherry2008,
   author = {{Sherry}, W.~H. and {Walter}, F.~M. and {Wolk}, S.~J. and {Adams}, N.~R.
	},
    title = "{Main-Sequence Fitting Distance to the {$\sigma$} Ori Cluster}",
  journal = {\aj},
archivePrefix = "arXiv",
   eprint = {0801.2585},
 keywords = {open clusters and associations: general, stars: individual: {$\sigma$} Ori},
     year = 2008,
    month = apr,
   volume = 135,
    pages = {1616-1623},
      doi = {10.1088/0004-6256/135/4/1616},
   adsurl = {http://adsabs.harvard.edu/abs/2008AJ....135.1616S},
  adsnote = {Provided by the SAO/NASA Astrophysics Data System}
}

@ARTICLE{Zapatero2002,
   author = {{Zapatero Osorio}, M.~R. and {B{\'e}jar}, V.~J.~S. and {Pavlenko}, Y. and 
	{Rebolo}, R. and {Allende Prieto}, C. and {Mart{\'{\i}}n}, E.~L. and 
	{Garc{\'{\i}}a L{\'o}pez}, R.~J.},
    title = "{Lithium and H{$\alpha$} in stars and brown dwarfs of sigma Orionis.}",
  journal = {\aap},
   eprint = {astro-ph/0202147},
 keywords = {CIRCUMSTELLAR MATTER, STARS: ABUNDANCES, STARS: LATE-TYPE, STARS: LOW MASS, BROWN DWARFS, STARS: PRE-MAIN SEQUENCE, OPEN CLUSTERS AND ASSOCIATIONS: SIGMA ORIONIS},
     year = 2002,
    month = mar,
   volume = 384,
    pages = {937-953},
      doi = {10.1051/0004-6361:20020046},
   adsurl = {http://adsabs.harvard.edu/abs/2002A%26A...384..937Z},
  adsnote = {Provided by the SAO/NASA Astrophysics Data System}
}

@ARTICLE{Bell2013,
   author = {{Bell}, C.~P.~M. and {Naylor}, T. and {Mayne}, N.~J. and {Jeffries}, R.~D. and 
	{Littlefair}, S.~P.},
    title = "{Pre-main-sequence isochrones - II. Revising star and planet formation time-scales}",
  journal = {\mnras},
archivePrefix = "arXiv",
   eprint = {1306.3237},
 primaryClass = "astro-ph.SR",
 keywords = {techniques: photometric, stars: evolution, stars: formation, stars: fundamental parameters, Hertzsprung-Russell and colour-magnitude diagrams, stars: pre-main-sequence},
     year = 2013,
    month = sep,
   volume = 434,
    pages = {806-831},
      doi = {10.1093/mnras/stt1075},
   adsurl = {http://adsabs.harvard.edu/abs/2013MNRAS.434..806B},
  adsnote = {Provided by the SAO/NASA Astrophysics Data System}
}

@article{scikit-learn,
 title={Scikit-learn: Machine Learning in {P}ython},
 author={Pedregosa, F. and Varoquaux, G. and Gramfort, A. and Michel, V.
         and Thirion, B. and Grisel, O. and Blondel, M. and Prettenhofer, P.
         and Weiss, R. and Dubourg, V. and Vanderplas, J. and Passos, A. and
         Cournapeau, D. and Brucher, M. and Perrot, M. and Duchesnay, E.},
 journal={Journal of Machine Learning Research},
 volume={12},
 pages={2825--2830},
 year={2011}
}

@ARTICLE{vMFPaper,
   author = {{Banerjee}, A. and {Dhillon}, I.~S. and {Ghosh}, J. and 
        {Sra}, S.},
    title = "{Clustering on the Unit Hypersphere using von Mises-Fisher Distributions}",
  journal = { Journal of Machine Learning Research},
     year = 2005,
    month = sep,
   volume = 6,
    pages = {1345--1382},
}

@BOOK{NIST,
  title = {NIST Handbook of Mathematical Functions},
  editor = {{Olver}, F.~W.~J. and {Lozier}, D.~W. and {Boisvert} R.~F. and {Clark} C.~W.},
  publisher ={Cambridge University Press},
  year = {2010}
}







